<record><leader>00000cas a22000007a 4500</leader><controlfield tag="001">15296474</controlfield><controlfield tag="008">870310d19801994inudn ne      0    0eng d</controlfield><datafield ind1=" " ind2=" " tag="010"><subfield code="a">sn 87055316 </subfield></datafield><datafield ind1=" " ind2=" " tag="040"><subfield code="a">NPI</subfield><subfield code="b">eng</subfield><subfield code="c">NPI</subfield><subfield code="d">OCLCQ</subfield></datafield><datafield ind1=" " ind2=" " tag="042"><subfield code="a">msc</subfield></datafield><datafield ind1="0" ind2=" " tag="130"><subfield code="a">Peru daily tribune (Peru, Ind. : 1980)</subfield></datafield><datafield ind1="1" ind2="0" tag="245"><subfield code="a">Peru daily tribune.</subfield></datafield><datafield ind1=" " ind2=" " tag="260"><subfield code="a">Peru, Ind. :</subfield><subfield code="b">Peru Daily Tribune Pub. Co.,</subfield><subfield code="c">1980-1994.</subfield></datafield><datafield ind1=" " ind2=" " tag="300"><subfield code="a">14 v. :</subfield><subfield code="b">ill.</subfield></datafield><datafield ind1=" " ind2=" " tag="310"><subfield code="a">Daily (except Sun. and major holidays)</subfield></datafield><datafield ind1="0" ind2=" " tag="362"><subfield code="a">Vol. 60, no. 75 (July 14, 1980)-v. 73, no. 114 (Aug. 27, 1994).</subfield></datafield><datafield ind1=" " ind2=" " tag="752"><subfield code="a">United States</subfield><subfield code="b">Indiana</subfield><subfield code="c">Miami</subfield><subfield code="d">Peru.</subfield></datafield><datafield ind1="0" ind2="0" tag="780"><subfield code="t">Peru tribune</subfield><subfield code="w">(DLC)sn 87055317</subfield></datafield><datafield ind1="0" ind2="0" tag="785"><subfield code="t">Peru tribune (Peru, Ind. : 1994)</subfield><subfield code="w">(DLC)sn 95067507</subfield></datafield></record>